<record><leader>01964cam a2200553Mi 4500</leader><controlfield tag="001">9938036653607636</controlfield><controlfield tag="005">20230105150124.0</controlfield><controlfield tag="008">140623t20142014ch            000 1 chi  </controlfield><datafield ind1=" " ind2=" " tag="020"><subfield code="a">9789865956905</subfield></datafield><datafield ind1=" " ind2=" " tag="020"><subfield code="a">986595690X</subfield></datafield><datafield ind1=" " ind2=" " tag="035"><subfield code="a">(AuCNLKIN)000053423201</subfield></datafield><datafield ind1=" " ind2=" " tag="035"><subfield code="a">3803665</subfield></datafield><datafield ind1=" " ind2=" " tag="035"><subfield code="a">(OCoLC)891462638</subfield></datafield><datafield ind1=" " ind2=" " tag="035"><subfield code="a">(Voyager)3803665-slvdb-Voyager</subfield></datafield><datafield ind1=" " ind2=" " tag="040"><subfield code="a">AU@</subfield><subfield code="b">eng</subfield><subfield code="c">AU@</subfield><subfield code="e">rda</subfield><subfield code="d">OCLCO</subfield><subfield code="d">OCLCF</subfield><subfield code="d">VSL</subfield><subfield code="d">VSL</subfield><subfield code="d">VSL</subfield><subfield code="d">VSL</subfield></datafield><datafield ind1="1" ind2=" " tag="041"><subfield code="a">chi</subfield><subfield code="h">eng</subfield></datafield><datafield ind1=" " ind2=" " tag="042"><subfield code="a">anuc</subfield></datafield><datafield ind1="0" ind2="4" tag="082"><subfield code="a">823.3</subfield><subfield code="2">23</subfield></datafield><datafield ind1="1" ind2=" " tag="100"><subfield code="a">Hartnett, Sonya,</subfield><subfield code="d">1968-</subfield><subfield code="e">author.</subfield></datafield><datafield ind1="1" ind2="0" tag="240"><subfield code="a">Butterfly.</subfield><subfield code="l">Chinese</subfield></datafield><datafield ind1="1" ind2="0" tag="245"><subfield code="6">880-01</subfield><subfield code="a">Qing chun wu qi tu xing =</subfield><subfield code="b">Butterfly /</subfield><subfield code="c">Suoniya Hatenai (Sonya Hartnett) zhu ; Li Jingyi yi.</subfield></datafield><datafield ind1="1" ind2="0" tag="880"><subfield code="6">245-01</subfield><subfield code="a">青春無期徒刑 =</subfield><subfield code="b">Butterfly /</subfield><subfield code="c">索妮雅·哈特奈 (Sonya Hartnett) 著 ; 李靜宜譯.</subfield></datafield><datafield ind1="3" ind2="1" tag="246"><subfield code="a">Butterfly</subfield></datafield><datafield ind1=" " ind2=" " tag="250"><subfield code="6">880-02</subfield><subfield code="a">Chu ban.</subfield></datafield><datafield ind1=" " ind2=" " tag="880"><subfield code="6">250-02</subfield><subfield code="a">初版.</subfield></datafield><datafield ind1=" " ind2="4" tag="264"><subfield code="c">©2014</subfield></datafield><datafield ind1=" " ind2="1" tag="264"><subfield code="6">880-03</subfield><subfield code="a">Taibei Shi</subfield><subfield code="b">Man you zhe wen hua shi ye gu fen you xian gong si,</subfield><subfield code="c">2014.</subfield></datafield><datafield ind1=" " ind2="1" tag="880"><subfield code="6">264-03</subfield><subfield code="a">台北市</subfield><subfield code="b">漫遊者文化事業股份有限公司,</subfield><subfield code="c">2014.</subfield></datafield><datafield ind1=" " ind2=" " tag="300"><subfield code="a">250 pages ;</subfield><subfield code="c">21 cm.</subfield></datafield><datafield ind1=" " ind2=" " tag="336"><subfield code="a">text</subfield><subfield code="2">rdacontent</subfield></datafield><datafield ind1=" " ind2=" " tag="337"><subfield code="a">unmediated</subfield><subfield code="2">rdamedia</subfield></datafield><datafield ind1=" " ind2=" " tag="338"><subfield code="a">volume</subfield><subfield code="2">rdacarrier</subfield></datafield><datafield ind1="1" ind2=" " tag="490"><subfield code="6">880-04</subfield><subfield code="a">Xiao shuo =</subfield><subfield code="a">Fiction ;</subfield><subfield code="v">4003</subfield></datafield><datafield ind1="1" ind2=" " tag="880"><subfield code="6">490-04</subfield><subfield code="a">小說 =</subfield><subfield code="a">Fiction ;</subfield><subfield code="v">4003</subfield></datafield><datafield ind1=" " ind2=" " tag="500"><subfield code="a">Translation of : Butterfly.</subfield></datafield><datafield ind1=" " ind2=" " tag="590"><subfield code="a">Donated by Sonya Hartnett, 2015.</subfield></datafield><datafield ind1=" " ind2="0" tag="650"><subfield code="a">Teenage girls</subfield><subfield code="v">Fiction.</subfield></datafield><datafield ind1=" " ind2="0" tag="650"><subfield code="a">Female friendship</subfield><subfield code="v">Fiction.</subfield></datafield><datafield ind1=" " ind2="7" tag="650"><subfield code="a">Female friendship.</subfield><subfield code="2">fast</subfield><subfield code="0">(OCoLC)fst00922609</subfield></datafield><datafield ind1=" " ind2="7" tag="650"><subfield code="a">Teenage girls.</subfield><subfield code="2">fast</subfield><subfield code="0">(OCoLC)fst01145412</subfield></datafield><datafield ind1=" " ind2=" " tag="653"><subfield code="a">Australian</subfield></datafield><datafield ind1=" " ind2="7" tag="655"><subfield code="a">Fiction.</subfield><subfield code="2">fast</subfield><subfield code="0">(OCoLC)fst01423787</subfield></datafield><datafield ind1="1" ind2=" " tag="700"><subfield code="6">880-05</subfield><subfield code="a">Li, Jingyi,</subfield><subfield code="e">translator.</subfield></datafield><datafield ind1="1" ind2=" " tag="880"><subfield code="6">700-05</subfield><subfield code="a">李靜宜,</subfield><subfield code="e">translator.</subfield></datafield><datafield ind1=" " ind2="0" tag="830"><subfield code="6">880-06</subfield><subfield code="a">Xiao shuo ;</subfield><subfield code="v">4003.</subfield></datafield><datafield ind1=" " ind2="0" tag="880"><subfield code="6">830-06</subfield><subfield code="a">小說 ;</subfield><subfield code="v">4003.</subfield></datafield><datafield ind1=" " ind2=" " tag="947"><subfield code="a">30328116100644</subfield></datafield><datafield ind1=" " ind2=" " tag="949"><subfield code="j">RARE</subfield></datafield><datafield ind1=" " ind2=" " tag="984"><subfield code="a">VSL</subfield><subfield code="c">held</subfield></datafield></record>